% Encoding: UTF-8

@Book{eurofund_2015,
  title     = {Recent developments in temporary employment: {E}mployment growth, wages and transitions},
  publisher = {Publications Office of the European Union, Luxembourg},
  year      = {2015},
  author    = {Eurofund},
}

@book{mack_etal_2016,
  title={Anonymized EU-LFS Microdata for Research: {B}ackground, Resources, and Introduction to Data Handling},
  author={Mack, Alexander and Lengerer, Andrea and Dickhaut, Theresa},
  year={2016},
  publisher={GESIS – Leibniz-Institut für Sozialwissenschaften 2016}
}

@article{lazear_1990,
  title={Job security provisions and employment},
  author={Lazear, Edward P},
  journal={The Quarterly Journal of Economics},
  volume={105},
  number={3},
  pages={699--726},
  year={1990},
  publisher={MIT Press}
}

@article{marx_2014,
  title={Labour market risks and political preferences: {T}he case of temporary employment},
  author={Marx, Paul},
  journal={European Journal of Political Research},
  volume={53},
  number={1},
  pages={136--159},
  year={2014},
  publisher={Wiley Online Library}
}


@article{fauser_2020,
  title={Career trajectories and cumulative wages: {T}he case of temporary employment},
  author={Fauser, Sophia},
  journal={Research in Social Stratification and Mobility},
  volume={69},
  pages={100529},
  year={2020},
  publisher={Elsevier}
}

@article{de_lange_etal_2014,
  title={Youth labour market integration across {E}urope: {T}he impact of cyclical, structural, and institutional characteristics},
  author={De Lange, Marloes and Gesthuizen, Maurice and Wolbers, Maarten HJ},
  journal={European Societies},
  volume={16},
  number={2},
  pages={194--212},
  year={2014},
  publisher={Taylor \& Francis}
}


@article{pavlopoulos_2013,
  title={Starting your career with a fixed-term job: {S}tepping-stone or ``dead end''?},
  author={Pavlopoulos, Dimitris},
  journal={Review of Social Economy},
  volume={71},
  number={4},
  pages={474--501},
  year={2013},
  publisher={Taylor \& Francis}
}

@book{stuth_2017,
  title={Closing in on closure. {O}ccupational closure and temporary employment in {G}ermany},
  author={Stuth, Stefan},
  year={2017},
  publisher={Baden-Baden: Nomos Verlagsgesellschaft/edition sigma}
}

@incollection{ortiz_mcguiness_2018,
  title={Overeducation among European university graduates: {A} constraint or a choice?},
  author={Gervasi, Luis Ortiz and McGuinness, Seamus},
  booktitle={European Youth Labour Markets},
  pages={157--174},
  year={2018},
  publisher={Springer}
}

@article{dietrich_2013,
  title={Youth unemployment in the period 2001 -- 2010 and the {E}uropean crisis -- looking at the empirical evidence},
  author={Dietrich, Hans},
  journal={Transfer: European Review of Labour and Research},
  volume={19},
  number={3},
  pages={305--324},
  year={2013},
  publisher={Sage Publications Sage UK: London, England}
}


@article{kennedy_ruggles_2014,
  title={Breaking up is hard to count: The rise of divorce in the {United States}, 1980 -- 2010},
  author={Kennedy, Sheela and Ruggles, Steven},
  journal={Demography},
  volume={51},
  number={2},
  pages={587--598},
  year={2014},
  publisher={Duke University Press}
}


@article{balz_2017,
  title={Cross-national variations in the security gap: {P}erceived job insecurity among temporary and permanent employees and employment protection legislation},
  author={Balz, Anne},
  journal={European Sociological Review},
  volume={33},
  number={5},
  pages={675--692},
  year={2017},
  publisher={Oxford University Press}
}


@techreport{boll_etal_2016,
  title={Overeducation-new evidence for 25 {E}uropean countries},
  author={Boll, Christina and Leppin, Julian Sebstian and Rossen, Anja and Wolf, Andr{\'e}},
  year={2016},
  institution={HWWI Research Paper}
}


@book{emmenegger_etal_2012,
  title={The age of dualization: {T}he changing face of inequality in deindustrializing societies},
  author={Emmenegger, Patrick and H{\"a}usermann, Silja and Palier, Bruno and Seeleib-Kaiser, Martin},
  year={2012},
  publisher={Oxford University Press}
}


@book{thelen_2014,
  title={Varieties of liberalization and the new politics of social solidarity},
  author={Thelen, Kathleen Ann},
  year={2014},
  publisher={Cambridge University Press Cambridge}
}


@article{jahn_etal_2012,
  title={Feature: flexible forms of employment: {B}oon and bane},
  author={Jahn, Elke J and Riphahn, Regina T and Schnabel, Claus},
  journal={The Economic Journal},
  volume={122},
  number={562},
  pages={F115--F124},
  year={2012},
  publisher={Oxford University Press Oxford, UK}
}


@misc{eu_lfs,
author = {Eurostat},
year = {2020},
title = {{EU - Labour Force Survey microdata} 1983-2019, release 2020, Version 1},
howpublished = {\url{10.2907/LFS1983-2020V.1}}
} 

@misc{eu_silc,
author = {Eurostat},
year = {2021},
title = {{EU Statistics on Income and Living Conditions} microdata 2004-2019, release 1 in 2021},
howpublished = {\url{doi.org/10.2907/EUSILC2004-2019V.2}}
} 


@article{oesch_piccitto_2019,
  title={The polarization myth: {O}ccupational upgrading in {G}ermany, {S}pain, {S}weden, and the {UK}, 1992 -- 2015},
  author={Oesch, Daniel and Piccitto, Giorgio},
  journal={Work and Occupations},
  volume={46},
  number={4},
  pages={441--469},
  year={2019},
  publisher={SAGE Publications Sage CA: Los Angeles, CA}
}


@Book{ep_2016,
  title={Precarious employment in {E}urope: {P}atterns, Trends and Policy
Strategies},
  publisher={{European Parliament. Directorate-General for Internal Policies.  Policy Department A: Economic and Scientific Policy.}},
  year      = {2016},
  author    = {EP}
}


@article{reichenberg_berglund_2019,
  title={``Stepping up or stepping down?'': {T}he earnings differences associated with Swedish temporary workers’ employment sequences},
  author={Reichenberg, Olof and Berglund, Tomas},
  journal={Social science research},
  volume={82},
  pages={126--136},
  year={2019},
  publisher={Elsevier}
}


@article{mcvicar_etal_2019,
  title={Contingent employment and labour market pathways: {B}ridge or trap?},
  author={McVicar, Duncan and Wooden, Mark and La{\ss}, Inga and Fok, Yin-King},
  journal={European Sociological Review},
  volume={35},
  number={1},
  pages={98--115},
  year={2019},
  publisher={Oxford University Press}
}


@article{ter_weel_2018,
  title={The Rise of Temporary Work in {E}urope},
  author={ter Weel, Bas},
  journal={De Economist},
  volume={166},
  number={4},
  pages={397--401},
  year={2018},
  publisher={Springer}
}


@article{amuedo-dorantes_serrano-padial_2007,
  title={Wage growth implications of fixed-term employment: An analysis by contract duration and job mobility},
  author={Amuedo-Dorantes, Catalina and Serrano-Padial, Ricardo},
  journal={Labour Economics},
  volume={14},
  number={5},
  pages={829--847},
  year={2007},
  publisher={Elsevier}
}

@article{diprete_etal_2006,
  title={Work and pay in flexible and regulated labor markets: {A} generalized perspective on institutional evolution and inequality trends in Europe and the US},
  author={DiPrete, Thomas A and Goux, Dominique and Maurin, Eric and Quesnel-Vallee, Amelie},
  journal={Research in Social Stratification and Mobility},
  volume={24},
  number={3},
  pages={311--332},
  year={2006},
  publisher={Elsevier}
}

@article{polavieja_2005,
  title={Flexibility or polarization? {T}emporary employment and job tasks in Spain},
  author={Polavieja, Javier G},
  journal={Socio-Economic Review},
  volume={3},
  number={2},
  pages={233--258},
  year={2005},
  publisher={Oxford University Press}
}


@article{gebel_giesecke_2011,
  title={Labor market flexibility and inequality: {T}he changing skill-based temporary employment and unemployment risks in Europe},
  author={Gebel, Michael and Giesecke, Johannes},
  journal={Social Forces},
  volume={90},
  number={1},
  pages={17--39},
  year={2011},
  publisher={The University of North Carolina Press}
}


@article{noelke_2016,
  title={Employment protection legislation and the youth labour market},
  author={Noelke, Clemens},
  journal={European Sociological Review},
  volume={32},
  number={4},
  pages={471--485},
  year={2016},
  publisher={Oxford University Press}
}


@article{passaretta_wolbers_2019,
  title={Temporary employment at labour market entry in {E}urope: {L}abour market dualism, transitions to secure employment and upward mobility},
  author={Passaretta, Giampiero and Wolbers, Maarten HJ},
  journal={Economic and Industrial Democracy},
  volume={40},
  number={2},
  pages={382--408},
  year={2019},
  publisher={SAGE Publications Sage UK: London, England}
}


@Book{eurofound_2020,
  title     = {Labour market change: {T}rends and policy approaches towards flexibilisation.  {C}hallenges and prospects in the {EU} series.},
  publisher = {Publications Office of the European Union, Luxembourg},
  year      = {2020},
  author    = {Eurofound}
}

@Book{oecd_1986,
  title     = {Labour Market Flexibility: {R}eport by a High-Level Group of Experts to the Secretary-General.},
  publisher = {{OECD} publishing, Paris},
  year      = {1986},
  author    = {OECD}
}

@Book{oecd_2003,
  title     = {The Sources of Economic Growth in OECD Countries},
  publisher = {{OECD} publishing, Paris},
  year      = {2003},
  author    = {OECD}
}

@Book{oecd_2020,
  title     = {OECD Employment Protection Legislation Database},
  publisher = {{OECD} publishing, Paris},
  year      = {2020},
  author    = {OECD}
}

@article{ortiz_2010,
  title={Not the right job, but a secure one: {O}ver-education and temporary employment in {F}rance, {I}taly and {S}pain},
  author={Ortiz, Luis},
  journal={Work, employment and society},
  volume={24},
  number={1},
  pages={47--64},
  year={2010},
  publisher={SAGE Publications Sage UK: London, England}
}


@book{oesch_2013,
  title={Occupational change in {E}urope: {H}ow technology and education transform the job structure},
  author={Oesch, Daniel},
  year={2013},
  publisher={Oxford University Press}
}

@article{rauf_2020,
  title={Getting a Job, Again: New Evidence against Subjective Well-Being Scarring},
  author={Rauf, Tamkinat},
  journal={Social Forces},
  year={2020}
}


@article{lubke_erlinghagen_2014,
  title={Self-perceived job insecurity across Europe over time: Does changing context matter?},
  author={L{\"u}bke, Christiane and Erlinghagen, Marcel},
  journal={Journal of European Social Policy},
  volume={24},
  number={4},
  pages={319--336},
  year={2014},
  publisher={Sage Publications Sage UK: London, England}
}


@article{green_etal_2016,
  title={Job-related well-being through the Great Recession},
  author={Green, Francis and Felstead, Alan and Gallie, Duncan and Inanc, Hande},
  journal={Journal of Happiness Studies},
  volume={17},
  number={1},
  pages={389--411},
  year={2016},
  publisher={Springer}
}

@article{nichols_rehm_2014,
  title={Income risk in 30 countries},
  author={Nichols, Austin and Rehm, Philipp},
  journal={Review of income and wealth},
  volume={60},
  pages={S98--S116},
  year={2014},
  publisher={Wiley Online Library}
}


@article{standing_1997,
  title={Globalization, labour flexibility and insecurity: {T}he era of market regulation},
  author={Standing, Guy},
  journal={European Journal of Industrial Relations},
  volume={3},
  number={1},
  pages={7--37},
  year={1997},
  publisher={Sage Publications Sage CA: Thousand Oaks, CA}
}


@article{brady_lee_2014,
  title={The rise and fall of government spending in affluent democracies, 1971--2008},
  author={Brady, David and Lee, Hang Young},
  journal={Journal of European Social Policy},
  volume={24},
  number={1},
  pages={56--79},
  year={2014},
  publisher={SAGE Publications Sage UK: London, England}
}

@unpublished{wrigley-field_seltzer_2020,
  title={Unequally Insecure: {R}ising {B}lack/{W}hite Disparities in Job Displacement, 1981-2017, Version 2},
  author={Wrigley-Field, Elizabeth and Seltzer, Nathan},
  year={2020}
}

@book{crouch_2019,
  title={Will the gig economy prevail?},
  author={Crouch, Colin},
  year={2019},
  publisher={John Wiley \& Sons}
}

@article{baron_rapp_2019,
  title={Does fixed-term employment delay important partnership events? {C}omparing transitions into cohabitation, marriage, parenthood and home ownership among young adults in {G}ermany},
  author={Baron, Daniel and Rapp, Ingmar},
  journal={Journal of Family Research},
  volume={31},
  number={1},
  pages={40--57},
  year={2019}
}

@article{modena_sabatini_2012,
  title={I would if I could: {P}recarious employment and childbearing intentions in {I}taly},
  author={Modena, Francesca and Sabatini, Fabio},
  journal={Review of Economics of the Household},
  volume={10},
  number={1},
  pages={77--97},
  year={2012},
  publisher={Springer}
}

@incollection{lim_2017,
  title={``{B}ad Jobs'' for Marriage: {P}recarious Work and the Transition to First Marriage},
  author={Lim, Sojung},
  booktitle={Precarious work},
  year={2017},
  publisher={Emerald Publishing Limited}
}

@book{atkinson_1998,
  title={{P}overty in {E}urope:({J}rjo {J}ahnsson {L}ectures)},
  author={Atkinson, Anthony Barnes},
  year={1998},
  publisher={Wiley-Blackwell}
}

@article{atkinson_2003,
  title={Multidimensional deprivation: {C}ontrasting social welfare and counting approaches},
  author={Atkinson, Anthony B},
  journal={The Journal of Economic Inequality},
  volume={1},
  number={1},
  pages={51--65},
  year={2003},
  publisher={Springer}
}

@InCollection{kvasnicka_2009,
  author      = {Kvasnicka, Michael},
  title       = {Does temporary help work provide a stepping stone to regular employment?},
  booktitle   = {Studies of Labor Market Intermediation},
  publisher   = {University of Chicago Press},
  year        = {2009},
  editor      = {Autor, David H.},
  chapter     = {10},
  pages       = {335--372},
  institution = {University of Chicago Press},
}

@Article{lehwess-litzmann_2012,
  author    = {Lehwe{\ss}-Litzmann, Ren{\'e}},
  title     = {Flexible employment, poverty and the household},
  journal   = {Transfer: European Review of Labour and Research},
  year      = {2012},
  volume    = {18},
  number    = {1},
  pages     = {69--81},
  publisher = {Sage Publications Sage UK: London, England},
}

@Article{leschke_2009,
  author    = {Leschke, Janine},
  title     = {The segmentation potential of non-standard employment: A four-country comparison of mobility patterns},
  journal   = {International Journal of Manpower},
  year      = {2009},
  volume    = {30},
  number    = {7},
  pages     = {692--715},
  publisher = {Emerald Group Publishing Limited},
}

@Article{mcginnity_etal_2005,
  author    = {McGinnity, Frances and Mertens, Antje and Gundert, Stefanie},
  title     = {A bad start? Fixed-term contracts and the transition from education to work in West Germany},
  journal   = {European Sociological Review},
  year      = {2005},
  volume    = {21},
  number    = {4},
  pages     = {359--374},
  publisher = {Oxford University Press},
}

@Article{mcgovern_etal_2004,
  author    = {McGovern, Patrick and Smeaton, Deborah and Hill, Stephen},
  title     = {Bad jobs in Britain: Nonstandard employment and job quality},
  journal   = {Work and occupations},
  year      = {2004},
  volume    = {31},
  number    = {2},
  pages     = {225--249},
  publisher = {Sage Publications},
}

@Article{mooi-reci_dekker_2015,
  author    = {Mooi-Reci, Irma and Dekker, Ronald},
  title     = {Fixed-Term Contracts: Short-Term Blessings or Long-Term Scars? Empirical Findings from the N etherlands 1980--2000},
  journal   = {British Journal of Industrial Relations},
  year      = {2015},
  volume    = {53},
  number    = {1},
  pages     = {112--135}
}

@article{mooi-reci_wooden_2017,
  title={Casual employment and long-term wage outcomes},
  author={Mooi-Reci, Irma and Wooden, Mark},
  journal={human relations},
  volume={70},
  number={9},
  pages={1064--1090},
  year={2017}
}

@Article{morris_vekker_2001,
  author    = {Morris, Michael DS and Vekker, Alexander},
  title     = {An alternative look at temporary workers, their choices, and the growth in temporary employment},
  journal   = {Journal of Labor Research},
  year      = {2001},
  volume    = {22},
  number    = {2},
  pages     = {373--390},
  publisher = {Springer},
}

@InCollection{van_lancker_2013,
  author    = {Van Lancker, Wim},
  title     = {Temporary employment and poverty in the enlarged European union: An empirical and comparative analysis},
  booktitle = {Non-Standard Employment in Europe. Work and Welfare in Europe.},
  publisher = {Palgrave Macmillan, London},
  year      = {2013},
  editor    = {Koch, Max and Martin Fritz},
  chapter   = {11},
  pages     = {190--208},
}

@Book{eurofound_2015b,
  title     = {Job tenure in turbulent times},
  publisher = {Publications Office of the European Union, Luxembourg},
  year      = {2015},
  author    = {Eurofound},
}

@Book{eurofound_2015,
  title     = {Recent developments in temporary employment: Employment growth, wages and transitions},
  publisher = {Publications Office of the European Union, Luxembourg},
  year      = {2015},
  author    = {Eurofound},
}


@Book{eurofund_2017,
  title     = {In-work poverty in the {EU}},
  publisher = {Publications Office of the European Union, Luxembourg},
  year      = {2017},
  author    = {Eurofund},
}

@Book{oecd_1994,
  title     = {The {OECD} jobs study: {E}vidence and explanations},
  publisher = {{OECD} publishing, Paris},
  year      = {1994},
  author    = {OECD}
}

@Book{oecd_1996,
  title     = {The {OECD} jobs strategy},
  publisher = {{OECD} publishing, Paris},
  year      = {1996},
  author    = {OECD}
}

@Book{oecd_2004,
  title     = {{OECD} employment outlook 2004},
  publisher = {{OECD} publishing, Paris},
  year      = {2004},
  author    = {OECD}
}

@Book{oecd_2013,
  title     = {{OECD} employment outlook 2013},
  publisher = {{OECD} publishing, Paris},
  year      = {2013},
  author    = {OECD}
}

@Book{oecd_2014,
  title     = {{OECD} employment outlook 2014},
  publisher = {{OECD} publishing, Paris},
  year      = {2014},
  author    = {OECD}
}


@Book{oecd_2015,
  title={In It Together: Why Less Inequality Benefits All}, 
  author={OECD},
  year={2015},
  publisher={OECD publishing, Paris}
}


@Book{oecd_2018,
  title     = {{OECD} employment outlook 2018},
  publisher = {{OECD} publishing, Paris},
  year      = {2018},
  author    = {OECD}
}

@Book{oecd_2002,
  title     = {Taking the measure of temporary employment},
  booktitle = {{OECD} employment outlook 2002},
  publisher = {{OECD} publishing, Paris},
  year      = {2002},
  author    = {OECD}
}

@Book{oecd_2010,
  title     = {How good is part-time work},
  booktitle = {{OECD} employment outlook 2010},
  publisher = {{OECD} publishing, Paris},
  year      = {2010},
  author    = {OECD}
}


@Article{horemans_etal_2016,
  author    = {Horemans, Jeroen and Marx, Ive and Nolan, Brian},
  title     = {Hanging in, but only just: part-time employment and in-work poverty throughout the crisis},
  journal   = {{IZA} Journal of European Labor Studies},
  year      = {2016},
  volume    = {5},
  number    = {1},
  pages     = {5},
  publisher = {Springer},
}

@Article{imhof_andresen_2018,
  author    = {Imhof, Susanne and Andresen, Maike},
  title     = {Unhappy with well-being research in the temporary work context: mapping review and research agenda},
  journal   = {The International Journal of Human Resource Management},
  year      = {2018},
  volume    = {29},
  number    = {1},
  pages     = {127--164},
  publisher = {Taylor \& Francis},
}

@Article{inanc_2018,
  author    = {Inanc, Hande},
  title     = {Unemployment, Temporary Work, and Subjective Well-Being: The Gendered Effect of Spousal Labor Market Insecurity},
  journal   = {American Sociological Review},
  year      = {2018},
  volume    = {83},
  number    = {3},
  pages     = {536--566},
  publisher = {SAGE Publications Sage CA: Los Angeles, CA},
}

@Article{jahn_pozzoli_2013,
  author    = {Jahn, Elke J and Pozzoli, Dario},
  title     = {The pay gap of temporary agency workers—Does the temp sector experience pay off?},
  journal   = {Labour Economics},
  year      = {2013},
  volume    = {24},
  pages     = {48--57},
  publisher = {Elsevier},
}

@Article{jahn_rosholm_2014,
  author    = {Jahn, Elke J and Rosholm, Michael},
  title     = {Looking beyond the bridge: The effect of temporary agency employment on labor market outcomes},
  journal   = {European Economic Review},
  year      = {2014},
  volume    = {65},
  pages     = {108--125},
  publisher = {Elsevier},
}

@Article{kahn_2010,
  author    = {Kahn, Lawrence M},
  title     = {Employment protection reforms, employment and the incidence of temporary jobs in {E}urope: 1996--2001},
  journal   = {Labour Economics},
  year      = {2010},
  volume    = {17},
  number    = {1},
  pages     = {1--15},
  publisher = {Elsevier},
}

@article{kahn_2007,
  title={The impact of employment protection mandates on demographic temporary employment patterns: {I}nternational microeconomic evidence},
  author={Kahn, Lawrence M},
  journal={The Economic Journal},
  volume={117},
  number={521},
  pages={F333--F356},
  year={2007},
  publisher={Oxford University Press Oxford, UK}
}


@Article{kalleberg_2000,
  author    = {Kalleberg, Arne L},
  title     = {Nonstandard employment relations: Part-time, temporary and contract work},
  journal   = {Annual review of sociology},
  year      = {2000},
  volume    = {26},
  number    = {1},
  pages     = {341--365},
  publisher = {Annual Reviews 4139 El Camino Way, PO Box 10139, Palo Alto, CA 94303-0139, USA},
}

@Article{kalleberg_etal_2000,
  author    = {Kalleberg, Arne L and Reskin, Barbara F and Hudson, Ken},
  title     = {Bad jobs in America: Standard and nonstandard employment relations and job quality in the United States},
  journal   = {American sociological review},
  year      = {2000},
  pages     = {256--278},
  publisher = {JSTOR},
}

@Article{kiersztyn_2016,
  author    = {Kiersztyn, Anna},
  title     = {Fixed-Term Employment and Occupational Position in Poland: The Heterogeneity of Temporary Jobs},
  journal   = {European Sociological Review},
  year      = {2016},
  volume    = {32},
  number    = {6},
  pages     = {881--894},
  publisher = {Oxford University Press},
}

@Article{korpi_levin_2001,
  author    = {Korpi, Tomas and Levin, Henrik},
  title     = {Precarious footing: temporary employment as a stepping stone out of unemployment in Sweden},
  journal   = {Work, employment and society},
  year      = {2001},
  volume    = {15},
  number    = {1},
  pages     = {127--148},
  publisher = {Cambridge university press},
}

@Article{dewilde_2008,
  author    = {Dewilde, Caroline},
  title     = {Individual and institutional determinants of multidimensional poverty: {A} {European} comparison},
  journal   = {Social Indicators Research},
  year      = {2008},
  volume    = {86},
  number    = {2},
  pages     = {233--256},
  publisher = {Springer},
}

@Article{fuller_stecy-hildebrandt_2015,
  author    = {Fuller, Sylvia and Stecy-Hildebrandt, Natasha},
  title     = {Career pathways for temporary workers: exploring heterogeneous mobility dynamics with sequence analysis},
  journal   = {Social Science Research},
  year      = {2015},
  volume    = {50},
  pages     = {76--99},
  publisher = {Elsevier},
}

@Article{gash_2008,
  author    = {Gash, Vanessa},
  title     = {Bridge or trap? {Temporary} workers’ transitions to unemployment and to the standard employment contract},
  journal   = {European Sociological Review},
  year      = {2008},
  volume    = {24},
  number    = {5},
  pages     = {651--668},
  publisher = {Oxford University Press},
}

@Article{gash_etal_2007,
  author    = {Gash, Vanessa and Mertens, Antje and Gordo, Laura Romeu},
  title     = {Are fixed-term jobs bad for your health?: {A} comparison of {West-Germany} and {Spain}},
  journal   = {European Societies},
  year      = {2007},
  volume    = {9},
  number    = {3},
  pages     = {429--458},
  publisher = {Taylor \& Francis},
}

@article{gash_mcginnity_2007,
  title={Fixed-term contracts—the new European inequality? Comparing men and women in West Germany and France},
  author={Gash, Vanessa and McGinnity, Frances},
  journal={Socio-Economic Review},
  volume={5},
  number={3},
  pages={467--496},
  year={2007},
  publisher={Oxford University Press}
}

@Article{gebel_2010,
  author    = {Gebel, Michael},
  title     = {Early career consequences of temporary employment in Germany and the UK},
  journal   = {Work, employment and society},
  year      = {2010},
  volume    = {24},
  number    = {4},
  pages     = {641--660},
  publisher = {SAGE Publications Sage UK: London, England},
}

@Article{gebel_giesecke_2016,
  author    = {Gebel, Michael and Giesecke, Johannes},
  title     = {Does deregulation help? The impact of employment protection reforms on youths' unemployment and temporary employment risks in Europe},
  journal   = {European Sociological Review},
  year      = {2016},
  volume    = {32},
  number    = {4},
  pages     = {486--500},
  publisher = {Oxford University Press},
}

@Article{hagen_2003,
  author = {Hagen, Tobias},
  title  = {Do fixed-term contracts increase the long-term employment opportunities of the unemployed?},
  year   = {2003},
}

@Article{helbling_2017,
  author    = {Helbling, Laura A},
  title     = {Fixed-Term Jobs after Vocational Education and Training in Switzerland: Stepping Stone or Impediment?},
  journal   = {Swiss Journal of Sociology},
  year      = {2017},
  volume    = {43},
  number    = {1},
  pages     = {89--113},
  publisher = {De Gruyter Open},
}

@Article{callan_etal_1993,
  author    = {Callan, Tim and Nolan, Brian and Whelan, Christopher T},
  title     = {Resources, deprivation and the measurement of poverty},
  journal   = {Journal of Social Policy},
  year      = {1993},
  volume    = {22},
  number    = {2},
  pages     = {141--172},
  publisher = {Cambridge University Press},
}

@Article{casey_etal_1989,
  author    = {Casey, Bernard and Dragendorf, Rudiger and Heering, Walter and John, Gunnar},
  title     = {Temporary Employment in Great Britain and the Federal Republic of Germany-An Overview},
  journal   = {Int'l Lab. Rev.},
  year      = {1989},
  volume    = {128},
  pages     = {449--466}
}

@Article{chih-mei_2018,
  author    = {Chih-Mei, Luo},
  title     = {Are Labour Market Reforms the Answer to Post-Euro-Crisis Management? Reflections on Germany’s Hartz Reforms},
  journal   = {European Review},
  year      = {2018},
  pages     = {1--17},
  publisher = {Cambridge University Press},
}

@Article{decuyper_dewitte_2006,
  author    = {De Cuyper, Nele and De Witte, Hans},
  title     = {The impact of job insecurity and contract type on attitudes, well-being and behavioural reports: a psychological contract perspective},
  journal   = {Journal of Occupational and Organizational Psychology},
  year      = {2006},
  volume    = {79},
  number    = {3},
  pages     = {395--409},
  publisher = {Wiley Online Library},
}

@Article{decuyper_etal_2008,
  author    = {De Cuyper, Nele and De Jong, Jeroen and De Witte, Hans and Isaksson, Kerstin and Rigotti, Thomas and Schalk, Ren{\'e}},
  title     = {Literature review of theory and research on the psychological impact of temporary employment: Towards a conceptual model},
  journal   = {International Journal of Management Reviews},
  year      = {2008},
  volume    = {10},
  number    = {1},
  pages     = {25--51},
  publisher = {Wiley Online Library},
}

@Article{degraaf_zijl_etal_2011,
  author    = {de Graaf-Zijl, Marloes and Van den Berg, Gerard J and Heyma, Arjan},
  title     = {Stepping stones for the unemployed: the effect of temporary jobs on the duration until (regular) work},
  journal   = {Journal of population Economics},
  year      = {2011},
  volume    = {24},
  number    = {1},
  pages     = {107--139},
  publisher = {Springer},
}

@Article{witte_1999,
  author    = {Witte, Hans De},
  title     = {Job insecurity and psychological well-being: Review of the literature and exploration of some unresolved issues},
  journal   = {European Journal of work and Organizational psychology},
  year      = {1999},
  volume    = {8},
  number    = {2},
  pages     = {155--177},
  publisher = {Taylor \& Francis},
}

@Article{desmond_2015,
  author    = {Desmond, Matthew},
  title     = {Severe deprivation in America: an introduction},
  journal   = {RSF},
  year      = {2015},
  publisher = {Russell Sage Foundation},
}

@Article{dewilde_2004,
  author    = {Dewilde, Caroline},
  title     = {The multidimensional measurement of poverty in Belgium and Britain: A categorical approach},
  journal   = {Social Indicators Research},
  year      = {2004},
  volume    = {68},
  number    = {3},
  pages     = {331--369},
  publisher = {Springer},
}

@Article{amuedo-dorantes_serrano-padial_2010,
  author    = {Amuedo-Dorantes, Catalina and Serrano-Padial, Ricardo},
  title     = {Labor market flexibility and poverty dynamics},
  journal   = {Labour Economics},
  year      = {2010},
  volume    = {17},
  number    = {4},
  pages     = {632--642},
  publisher = {Elsevier},
}

@Article{addison_2015,
  author    = {Addison, John T and Cotti, Chad D and Surfield, Christopher J},
  title     = {Atypical Jobs: Stepping Stones or Dead Ends? Evidence from the NLSY 79},
  journal   = {The Manchester School},
  year      = {2015},
  volume    = {83},
  number    = {1},
  pages     = {17--55},
  publisher = {Wiley Online Library},
}

@Article{autor_houseman_2010,
  author    = {Autor, David H and Houseman, Susan N},
  title     = {Do temporary-help jobs improve labor market outcomes for low-skilled workers? {Evidence} from {`Work First'}},
  journal   = {American Economic Journal: Applied Economics},
  year      = {2010},
  pages     = {96--128},
  publisher = {JSTOR},
}

@Article{baranowska_etal_2011,
  author    = {Baranowska, Anna and Gebel, Michael and Kotowska, Irena E},
  title     = {The role of fixed-term contracts at labour market entry in Poland: stepping stones, screening devices, traps or search subsidies?},
  journal   = {Work, employment and Society},
  year      = {2011},
  volume    = {25},
  number    = {4},
  pages     = {777--793},
  publisher = {Sage Publications Sage UK: London, England},
}

@Article{barbieri_2009,
  author    = {Barbieri, Paolo},
  title     = {Flexible employment and inequality in Europe},
  journal   = {European Sociological Review},
  year      = {2009},
  volume    = {25},
  number    = {6},
  pages     = {621--628},
  publisher = {Oxford University Press},
}

@Article{barbieri_scherer_2009,
  author    = {Barbieri, Paolo and Scherer, Stefani},
  title     = {Labour market flexibilization and its consequences in Italy},
  journal   = {European Sociological Review},
  year      = {2009},
  volume    = {25},
  number    = {6},
  pages     = {677--692},
  publisher = {Oxford University Press},
}

@Article{biegert_kuhhirt_2018,
  author    = {Biegert, Thomas and K{\"u}hhirt, Michael},
  title     = {Taking lemons for a trial run: {D}oes type of job exit affect the risk of entering fixed-term employment in {G}ermany?},
  journal   = {European Sociological Review},
  year      = {2018},
  volume    = {34},
  number    = {2},
  pages     = {184--197},
  publisher = {Oxford University Press},
}

@Article{booth_etal_2002,
  author    = {Booth, Alison L and Francesconi, Marco and Frank, Jeff},
  title     = {Temporary jobs: stepping stones or dead ends?},
  journal   = {The economic journal},
  year      = {2002},
  volume    = {112},
  number    = {480},
  pages     = {F189--F213},
  publisher = {Wiley Online Library},
}

@Article{brulle_etal_2018,
  author    = {Br{\"u}lle, Jan and Gangl, Markus and Levanon, Asaf and Saburov, Evgeny},
  title     = {Changing labour market risks in the service economy: Low wages, part-time employment and the trend in working poverty risks in Germany},
  journal   = {Journal of European Social Policy},
  year      = {2018},
  pages     = {1--15},
  publisher = {SAGE Publications Sage UK: London, England},
}

@Unpublished{gebel_giesecke_2008,
  author = {Gebel, Michael and Giesecke, Johannes},
  title  = {Labour market flexibility and inequality: The changing risk patterns of temporary employment in {Germany}},
  note   = {Arbeitspapiere - Mannheimer Zentrum für Europäische Sozialforschung ; 112},
  year   = {2008},
  issn   = {1437--8574},
}

@Article{gebel_giesecke_2009,
  author    = {Gebel, Michael and Giesecke, Johannes},
  title     = {Labour market flexibility and inequality: the changing risk patterns of temporary employment in West Germany},
  journal   = {Zeitschrift f{\"u}r Arbeitsmarktforschung},
  year      = {2009},
  volume    = {42},
  number    = {3},
  pages     = {234--251},
  publisher = {Springer},
}

@Unpublished{gebel_2013,
  author      = {Gebel, Michael},
  title       = {Is a Temporary Job Better than Unemployment? A Cross-Country Comparison Based on British, German, and Swiss Panel Data},
  note        = {SOEPpaper No. 543},
  year        = {2013},
  institution = {SOEPpaper No. 543},
}

@Book{esping-anderson_regini_2000,
  title     = {Why deregulate labour markets?},
  publisher = {Oxford University Press, Oxford},
  year      = {2000},
  editor    = {Esping-Andersen, G{\o}sta and Regini, Marino},
}

@Unpublished{allmendinger_etal_2013,
  author = {Allmendinger, Jutta and Hipp, Lena and Stuth, Stefan},
  title  = {Atypical employment in {Europe} 1996-2011},
  note   = {Berlin: WZB. Discussion Paper P 2013-003},
  year   = {2013},
}

@Article{mertens_etal_2007,
  author    = {Mertens, Antje and Gash, Vanessa and McGinnity, Frances},
  title     = {The cost of flexibility at the margin. Comparing the wage penalty for fixed-term contracts in Germany and Spain using quantile regression},
  journal   = {Labour},
  year      = {2007},
  volume    = {21},
  number    = {4-5},
  pages     = {637--666},
  publisher = {Wiley Online Library},
}

@article{giesecke_gross_2003,
  title={Temporary employment: {C}hance or risk?},
  author={Giesecke, Johannes and Gro{\ss}, Martin},
  journal={European Sociological Review},
  volume={19},
  number={2},
  pages={161--177},
  year={2003}
}

@Article{giesecke_gross_2004,
  author    = {Giesecke, Johannes and Gro{\ss}, Martin},
  title     = {External labour market flexibility and social inequality: {T}emporary employment in {Germany} and the UK},
  journal   = {European Societies},
  year      = {2004},
  volume    = {6},
  number    = {3},
  pages     = {347--382},
  publisher = {Taylor \& Francis},
}

@Book{kalleberg_2018,
  title     = {Precarious lives: Job insecurity and well-being in rich democracies},
  publisher = {John Wiley \& Sons},
  year      = {2018},
  author    = {Kalleberg, Arne L},
}

@Book{vosko_2000,
  title     = {Temporary work: {T}he gendered rise of a precarious employment relationship},
  publisher = {University of Toronto Press},
  year      = {2000},
  author    = {Vosko, Leah F},
  volume    = {11},
}

@Book{beck_1992,
  title     = {Risk society: {T}owards a new modernity},
  publisher = {Sage},
  year      = {1992},
  author    = {Beck, Ulrich},
  volume    = {17},
}

@Book{beck_2000,
  title     = {The brave new world of work},
  publisher = {Polity Press},
  year      = {2000},
  author    = {Beck, Ulrich},
  note      = {Translated by Patrick Camiller},
}

@Article{goldthorpe_2002,
  author    = {Goldthorpe, John H},
  title     = {Globalisation and social class},
  journal   = {West European Politics},
  year      = {2002},
  volume    = {25},
  number    = {3},
  pages     = {1--28},
  publisher = {Taylor \& Francis},
}

@InCollection{kalleberg_vallas_2017,
  author    = {Kalleberg, Arne L and Vallas, Steven P},
  title     = {Probing precarious work: {T}heory, research, and politics},
  booktitle = {Precarious work.},
  publisher = {Emerald Publishing Limited},
  year      = {2017},
  editor    = {Kallberg, Arne L. and Steven P. Vallas},
  chapter   = {1},
  pages     = {1--30},
}

@Book{hatton_2011,
  title     = {The temp economy: {F}rom {K}elly girls to permatemps in postwar America},
  publisher = {Temple University Press},
  year      = {2011},
  author    = {Hatton, Erin},
}

@Article{streeck_2014,
  author   = {Streeck, Wolfgang},
  title    = {The Politics of Public Debt: {N}eoliberalism, Capitalist Development and the Restructuring of the State},
  journal  = {German Economic Review},
  year     = {2014},
  volume   = {15},
  number   = {1},
  pages    = {143--165}
}

@Book{soskice_hall_2001,
  title     = {Varieties of capitalism: {T}he institutional foundations of comparative advantage},
  publisher = {Oxford University Press Oxford},
  year      = {2001},
  author    = {Soskice, David W and Hall, Peter A},
}

@Book{esping-anderson_1990,
  title     = {The three worlds of welfare capitalism},
  publisher = {John Wiley \& Sons},
  year      = {1990},
  author    = {Esping-Andersen, G{\o}sta},
}

@Article{mosthaf_etal_2011,
  author    = {Mosthaf, Alexander and Schnabel, Claus and Stephani, Jens},
  title     = {Low-wage careers: {A}re there dead-end firms and dead-end jobs?},
  journal   = {Zeitschrift f{\"u}r Arbeitsmarktforschung},
  year      = {2011},
  volume    = {43},
  number    = {3},
  pages     = {231--249},
  publisher = {Springer},
}

@Article{muffels_luijx_2008,
  author    = {Muffels, Ruud and Luijkx, Ruud},
  title     = {Labour market mobility and employment security of {M}ale employees in {E}urope: {t}rade-off or `flexicurity'?},
  journal   = {Work, employment and Society},
  year      = {2008},
  volume    = {22},
  number    = {2},
  pages     = {221--242},
  publisher = {Sage Publications Sage UK: London, England},
}

@article{nolan_whelan_1996_book,
  title={Resources, deprivation, and poverty},
  author={Nolan, Brian and Whelan, Christopher T.},
  journal={OUP Catalogue},
  year={1996},
  publisher={Oxford University Press}
}

@Article{nolan_etal_1996_article,
  author    = {Nolan, Brian and Whelan, Christopher T.},
  title     = {Measuring poverty using income and deprivation indicators: {A}lternative approaches},
  journal   = {Journal of European Social Policy},
  year      = {1996},
  volume    = {6},
  pages     = {225--240},
  publisher = {LONGMAN GROUP LIMITED},
}

@article{nolan_whelan_2011,
  title={Poverty and deprivation in {E}urope},
  author={Nolan, Brian and Whelan, Christopher T.},
  journal={OUP Catalogue},
  year={2011},
  publisher={Oxford University Press}
}

@Article{nordenmark_strandh_1999,
  author    = {Nordenmark, Mikael and Strandh, Mattias},
  title     = {Towards a sociological understanding of mental well-being among the unemployed: the role of economic and psychosocial factors},
  journal   = {Sociology},
  year      = {1999},
  volume    = {33},
  number    = {3},
  pages     = {577--597},
  publisher = {Cambridge University Press},
}

@Article{promberger_2015,
  author  = {Promberger, Markus},
  title   = {Nine years of {Hartz IV}. {A} welfare reform under scrutiny},
  journal = {Cuadernos de Relaciones Laborales},
  year    = {2015},
  volume  = {33},
  number  = {1},
  pages   = {35--63},
}

@Article{quesnel-vallee_etal_2010,
  author    = {Quesnel-Vall{\'e}e, Am{\'e}lie and DeHaney, Suzanne and Ciampi, Antonio},
  title     = {Temporary work and depressive symptoms: {a} propensity score analysis},
  journal   = {Social Science \& Medicine},
  year      = {2010},
  volume    = {70},
  number    = {12},
  pages     = {1982--1987},
  publisher = {Elsevier},
}

@Article{reichelt_2015,
  author    = {Reichelt, Malte},
  title     = {Career progression from temporary employment: {H}ow bridge and trap functions differ by task complexity},
  journal   = {European Sociological Review},
  year      = {2015},
  volume    = {31},
  number    = {5},
  pages     = {558--572},
  publisher = {Oxford University Press},
}

@Article{rogers_1995,
  author    = {Rogers, Jackie K.},
  title     = {Just a temp: {E}xperience and structure of alienation in temporary clerical employment},
  journal   = {Work and Occupations},
  year      = {1995},
  volume    = {22},
  number    = {2},
  pages     = {137--166},
  publisher = {SAGE Periodicals Press},
}

@Article{scherer_2009,
  author    = {Scherer, Stefani},
  title     = {The social consequences of insecure jobs},
  journal   = {Social Indicators Research},
  year      = {2009},
  volume    = {93},
  number    = {3},
  pages     = {527--547},
  publisher = {Springer},
}

@Article{scherer_2004,
  author    = {Scherer, Stefani},
  title     = {Stepping-stones or traps? {T}he consequences of labour market entry positions on future careers in {W}est {G}ermany, {G}reat {B}ritain and {I}taly},
  journal   = {Work, employment and society},
  year      = {2004},
  volume    = {18},
  number    = {2},
  pages     = {369--394},
  publisher = {Sage Publications Sage CA: Thousand Oaks, CA},
}

@Article{segal_sullivan_1997,
  author  = {Segal, Lewis M. and Sullivan, Daniel G.},
  title   = {The growth of temporary services work},
  journal = {Journal of economic perspectives},
  year    = {1997},
  volume  = {11},
  number  = {2},
  pages   = {117--136},
}

@Article{sianesi_2004,
  author    = {Sianesi, Barbara},
  title     = {An evaluation of the {S}wedish system of active labor market programs in the 1990s},
  journal   = {Review of Economics and statistics},
  year      = {2004},
  volume    = {86},
  number    = {1},
  pages     = {133--155},
  publisher = {MIT Press},
}

@Article{von_hippel_etal_1997,
  author    = {Von Hippel, Courtney and Mangum, Stephen L. and Greenberger, David B. and Heneman, Robert L. and Skoglind, Jeffrey D.},
  title     = {Temporary employment: {C}an organizations and employees both win?},
  journal   = {Academy of Management Perspectives},
  year      = {1997},
  volume    = {11},
  number    = {1},
  pages     = {93--104},
  publisher = {Academy of Management Briarcliff Manor, NY 10510},
}

@Article{van_lancker_2012,
  author    = {Van Lancker, Wim},
  title     = {The {E}uropean world of temporary employment: {G}endered and poor?},
  journal   = {European Societies},
  year      = {2012},
  volume    = {14},
  number    = {1},
  pages     = {83--111},
  publisher = {Taylor \& Francis},
}

@book{townsend_1979,
  title={Poverty in the {U}nited {K}ingdom: {A} survey of household resources and standards of living},
  author={Townsend, Peter},
  year={1979},
  publisher={Univ of California Press}
}

@book{rowntree_1901,
  title={Poverty: {A} study of town life},
  author={Rowntree, Benjamin S.},
  year={1901},
  publisher={Macmillan}
}

@article{sen_1976,
  title={Poverty: {A}n ordinal approach to measurement},
  author={Sen, Amartya},
  journal={Econometrica},
  year={1976},
  volume={44},
  number={2},
  pages={219--231}
}

@article{holzer_etal_2004,
  title={Escaping low earnings: {T}he role of employer characteristics and changes},
  author={Holzer, Harry J. and Lane, Julia I. and Vilhuber, Lars},
  journal={Industrial and Labor Relations Review},
  volume={57},
  number={4},
  pages={560--578},
  year={2004},
}

@article{gallie_etal_2003,
  title={Unemployment, poverty and social isolation: {I}s there a vicious circle of social exclusion?},
  author={Gallie, Duncan and Paugam, Serge and Jacobs, Sheila},
  journal={European Societies},
  volume={5},
  number={1},
  pages={1--32},
  year={2003},
  publisher={Taylor \& Francis}
}

@article{giesselmann_2015,
  title={Differences in the Patterns of in-work poverty in {G}ermany and the {UK}},
  author={Giesselmann, Marco},
  journal={European Societies},
  volume={17},
  number={1},
  pages={27--46},
  year={2015}
}

@article{european_commission_2017,
  title={Precarious and less well-paid? {W}age differences between permanent and fixed-term contracts across the {EU} countries},
  author={da Silva, Ant{\'o}nio Dias and Turrini, Alessandro},
  year={2015},
  journal={Directorate General Economic and Financial Affairs (DG ECFIN), European Commission}
}

@incollection{mills_blossfeld_2006,
  title={Globalization, uncertainty and the early life course: {A} theoretical framework},
  author={Mills, Melinda and Blossfeld, Hans-Peter},
  booktitle={Globalization, uncertainty and youth in society.},
  pages={31--53},
  year={2006},
  publisher={Routledge}
}

@Book{brulle_2018,
  title     = {Introduction},
  publisher = {Springer},
  year      = {2018},
  author    = {Br{\"u}lle, Jan},
  booktitle = {Poverty trends in {G}ermany and {G}reat {B}ritain},
}

@book{andersson_etal_2005,
  title={Moving up or moving on: {W}ho gets ahead in the low-wage labor market?},
  author={Andersson, Fredrik and Holzer, Harry J. and Lane, Julia I.},
  year={2005},
  publisher={Russell Sage Foundation}
}

@book{jenkins_2011,
  title={Changing fortunes: {I}ncome mobility and poverty dynamics in {B}ritain},
  author={Jenkins, Stephen P},
  year={2011},
  publisher={OUP Oxford}
}

@article{stevens_1994,
  title={The dynamics of poverty spells: Updating Bane and Ellwood},
  author={Stevens, Ann Huff},
  journal={The American Economic Review},
  volume={84},
  number={2},
  pages={34--37},
  year={1994}
}

@InCollection{buchtemann_quack_1989,
  author    = {B{\"u}chtemann, Christoph F and Quack, Sigrid},
  title     = {Bridges or traps? Non-standard employment in the {F}ederal {R}epublic of {G}ermany?},
  booktitle = {Precarious jobs in labour market regulation: {T}he growth of atypical employment in Western {E}urope.},
  publisher = {Institute for Labour Studies},
  year      = {1989},
  chapter   = {5},
  pages     = {109--148},
  journal   = {Precarious jobs in labour market regulation: The growth of atypical employment in Western Europe},
}

@unpublished{piore_1975,
  title={Notes for a theory of labor market stratification},
  author={Piore, Michael J},
  year={1975},
  note={Working papers 95, Massachusetts Institute of Technology (MIT), Department of Economics.},
}

@article{sicherman_oded_1990,
  title={A theory of career mobility},
  author={Sicherman, Nachum and Galor, Oded},
  journal={Journal of political economy},
  volume={98},
  number={1},
  pages={169--192},
  year={1990},
  publisher={The University of Chicago Press}
}

@incollection{spence_1978,
  title={Job market signaling},
  author={Spence, Michael},
  booktitle={Uncertainty in Economics.},
  pages={281--306},
  year={1978},
  publisher={Elsevier}
}

@article{siglitzy_1975,
  title={The theory of" screening," education, and the distribution of income},
  author={Stiglitz, Joseph E},
  journal={The American economic review},
  volume={65},
  number={3},
  pages={283--300},
  year={1975},
  publisher={JSTOR}
}

@article{hipp_etal_2015,
  title={Institutions and the prevalence of nonstandard employment},
  author={Hipp, Lena and Bernhardt, Janine and Allmendinger, Jutta},
  journal={Socio-Economic Review},
  volume={13},
  number={2},
  pages={351--377},
  year={2015},
  publisher={Oxford University Press}
}

@article{becker_1985,
  title={Human capital, effort, and the sexual division of labor},
  author={Becker, Gary S},
  journal={Journal of labor economics},
  volume={3},
  number={1, Part 2},
  pages={S33--S58},
  year={1985},
  publisher={University of Chicago Press}
}

@article{chan_etal_2001,
  title={Job loss and employment patterns of older workers},
  author={Chan, Sewin and Huff Stevens, Ann},
  journal={Journal of Labor Economics},
  volume={19},
  number={2},
  pages={484--521},
  year={2001},
  publisher={The University of Chicago Press}
}

@article{mertens_mcginnity_2004,
  title={Wages and wage growth of fixed-term workers in East and West Germany},
  author={Mertens, Antje and McGinnity, Frances},
  journal={Konjunkturpolitik},
  volume={50},
  number={2},
  pages={139--163},
  year={2004}
}

@article{henneberger_2004,
  title={Befristete Besch{\"a}ftigung in der Schweiz: Ausmass, Determinanten und {\"o}konomische Bewertung im internationalen Vergleich},
  author={Henneberger, Fred and Sousa-Poza, Alfonso and Ziegler, Alexandre},
  journal={Zeitschrift f{\"u}r ArbeitsmarktForschung--Journal for Labour Market Research},
  volume={37},
  number={3},
  pages={239--267},
  year={2004},
  publisher={N{\"u}rnberg: Institut f{\"u}r Arbeitsmarkt-und Berufsforschung (IAB)}
}

@article{remery_etal_2002,
  title={Labour market flexibility in the Netherlands: Looking for winners and losers},
  author={Remery, Chantal and van Doorne-Huiskes, Anneke and Schippers, Joop},
  journal={Work, employment and society},
  volume={16},
  number={3},
  pages={477--495},
  year={2002},
  publisher={Sage Publications London}
}

@article{guell_petrongolo_2007,
  title={How binding are legal limits? Transitions from temporary to permanent work in Spain},
  author={G{\"u}ell, Maia and Petrongolo, Barbara},
  journal={Labour Economics},
  volume={14},
  number={2},
  pages={153--183},
  year={2007},
  publisher={Elsevier}
}

@article{gagliarducci_2005,
  title={The dynamics of repeated temporary jobs},
  author={Gagliarducci, Stefano},
  journal={Labour Economics},
  volume={12},
  number={4},
  pages={429--448},
  year={2005},
  publisher={Elsevier}
}

@article{alba_1998,
  title={How temporary is temporary employment in Spain?},
  author={Alba-Ramirez, Alfonso},
  journal={Journal of Labor Research},
  volume={19},
  number={4},
  pages={695--710},
  year={1998},
  publisher={Springer}
}

@article{lane_etal_2003,
  title={Pathways to work for low-income workers: The effect of work in the temporary help industry},
  author={Lane, Julia and Mikelson, Kelly S and Sharkey, Pat and Wissoker, Doug},
  journal={Journal of policy Analysis and management},
  volume={22},
  number={4},
  pages={581--598},
  year={2003},
  publisher={Wiley Online Library}
}

@article{picchio_2008,
  title={Temporary contracts and transitions to stable jobs in Italy},
  author={Picchio, Matteo},
  journal={Labour},
  volume={22},
  pages={147--174},
  year={2008},
  publisher={Wiley Online Library}
}

@article{pedulla_2016,
  title={Penalized or protected? Gender and the consequences of nonstandard and mismatched employment histories},
  author={Pedulla, David S},
  journal={American Sociological Review},
  volume={81},
  number={2},
  pages={262--289},
  year={2016},
  publisher={SAGE Publications Sage CA: Los Angeles, CA}
}

@article{pager_quillian_2005,
  title={Walking the talk? What employers say versus what they do},
  author={Pager, Devah and Quillian, Lincoln},
  journal={American Sociological Review},
  volume={70},
  number={3},
  pages={355--380},
  year={2005},
  publisher={Sage Publications Sage CA: Los Angeles, CA}
}

@book{moss_tilly_2001,
  title={Stories employers tell: Race, skill, and hiring in America},
  author={Moss, Philip and Tilly, Chris},
  year={2001},
  publisher={Russell Sage Foundation}
}

@book{warhurst_etal_2012,
  title={Are bad jobs inevitable?: Trends, determinants and responses to job quality in the twenty-first century},
  author={Warhurst, Chris and Carr{\'e}, Fran{\c{c}}oise and Findlay, Patricia and Tilly, Chris},
  year={2012},
  publisher={Macmillan International Higher Education}
}

@book{promberger_2012,
  title={Topographie der Leiharbeit: Flexibilit{\"a}t und Prekarit{\"a}t einer atypischen Besch{\"a}ftigungsform},
  author={Promberger, Markus},
  year={2012},
  publisher={edition sigma}
}

@article{casey_alach_2004,
  title={‘Just a Temp?’ Women, Temporary Employment and Lifestyle},
  author={Casey, Catherine and Alach, Petricia},
  journal={Work, employment and society},
  volume={18},
  number={3},
  pages={459--480},
  year={2004},
  publisher={Sage Publications London, Thousand Oaks, New Delhi}
}

@book{uchitelle_2007,
  title={The disposable American: Layoffs and their consequences},
  author={Uchitelle, Louis},
  year={2007},
  publisher={Vintage}
}

@article{standing_2011,
  title={The precariat: The new dangerous class},
  author={Guy, Standing},
  journal={London: Bloomsbury Academic},
  year={2011}
}

@article{kalleberg_2009,
  title={Precarious work, insecure workers: Employment relations in transition},
  author={Kalleberg, Arne L.},
  journal={American sociological review},
  volume={74},
  number={1},
  pages={1--22},
  year={2009}
}

@article{de_grip_etal_1997,
  title={Atypical employment in the {E}uropean {U}nion},
  author={De Grip, Andries and Hoevenberg, Jeroen and Willems, Ed},
  journal={International Labour Review},
  volume={136},
  pages={49},
  year={1997}
}

@book{kalleberg_2011,
 author = {Arne L. Kalleberg},
 publisher = {Russell Sage Foundation},
 title = {Good Jobs, Bad Jobs: The Rise of Polarized and Precarious Employment Systems in the United States, 1970s-2000s},
 year = {2011}
}

@article{taubman_wachter_1986,
  title={Segmented labor markets},
  author={Taubman, Paul and Wachter, Michael L},
  journal={Handbook of labor economics},
  volume={2},
  pages={1183--1217},
  year={1986}
}

@article{wang_weiss_1998,
  title={Probation, layoffs, and wage-tenure profiles: A sorting explanation},
  author={Wang, Ruqu and Weiss, Andrew},
  journal={Labour Economics},
  volume={5},
  number={3},
  pages={359--383},
  year={1998},
  publisher={Elsevier}
}

@Unpublished{bernhardt_2014,
  author = {Bernhardt, Annette},
  title  = {Labor standards and the reorganization of work: {G}aps in data and research},
  note   = {IRLE Working Paper No. 100-14.},
  year   = {2014},
}

@article{lewchuk_2017,
  title={Precarious jobs: {W}here are they, and how do they affect well-being?},
  author={Lewchuk, Wayne},
  journal={The Economic and Labour Relations Review},
  volume={28},
  number={3},
  pages={402--419},
  year={2017},
  publisher={SAGE Publications Sage UK: London, England}
}

@article{cross_2015,
  title={The Recession's Impact on Canada's Labour Market},
  author={Cross, Philip},
  journal={SPP Research Paper},
  volume={8},
  number={28},
  year={2015}
}

@book{doogan_2009,
  title={New Capitalism?},
  author={Doogan, Kevin},
  year={2009},
  publisher={Polity}
}

@article{quinlan_2012,
  title={The `pre-invention' of precarious employment: The changing world of work in context},
  author={Quinlan, Michael},
  journal={The Economic and Labour Relations Review},
  volume={23},
  number={4},
  pages={3--24},
  year={2012},
  publisher={SAGE Publications Sage UK: London, England}
}

@article{pyoria_ojala_2016,
  title={Precarious work and intrinsic job quality: Evidence from {F}inland, 1984--2013},
  author={Py{\"o}ri{\"a}, Pasi and Ojala, Satu},
  journal={The Economic and Labour Relations Review},
  volume={27},
  number={3},
  pages={349--367},
  year={2016},
  publisher={SAGE Publications Sage UK: London, England}
}

@article{katz_krueger_2019,
  title={The rise and nature of alternative work arrangements in the United States, 1995--2015},
  author={Katz, Lawrence F and Krueger, Alan B},
  journal={ILR Review},
  volume={72},
  number={2},
  pages={382--416},
  year={2019},
  publisher={SAGE Publications Sage CA: Los Angeles, CA}
}

@book{osterman_2000,
  title={Securing prosperity: The American labor market: How it has changed and what to do about it},
  author={Osterman, Paul},
  year={2000},
  publisher={Princeton University Press}
}

@book{sassen_2018,
  title={Cities in a world economy},
  author={Sassen, Saskia},
  year={2018},
  publisher={Sage Publications}
}

@article{hacker_2006,
  title={The great risk shift},
  author={Hacker, Jacob S},
  year={2006},
  publisher={oxford University press New York}
}

@book{taylor_gooby_2004,
  title={New risks, new welfare},
  author={Taylor-Gooby, Peter},
  volume={10},
  year={2004},
  publisher={Oxford: Oxford University Press}
}

@article{gallie_etal_2017,
  title={The hidden face of job insecurity},
  author={Gallie, Duncan and Felstead, Alan and Green, Francis and Inanc, Hande},
  journal={Work, employment and society},
  volume={31},
  number={1},
  pages={36--53},
  year={2017},
  publisher={Sage Publications Sage UK: London, England}
}

@article{green_2009,
  title={Subjective employment insecurity around the world},
  author={Green, Francis},
  journal={Cambridge Journal of Regions, Economy and Society},
  volume={2},
  number={3},
  pages={343--363},
  year={2009},
  publisher={Oxford University Press}
}

@article{wilthagen_tros_2004,
  title={The concept of ‘flexicurity’: {A} new approach to regulating employment and labour markets},
  author={Wilthagen, Ton and Tros, Frank},
  journal={Transfer: European Review of labour and research},
  volume={10},
  number={2},
  pages={166--186},
  year={2004},
  publisher={SAGE Publications Sage UK: London, England}
}

@article{kalleberg_sorensen_1979,
 author = {Arne L. Kalleberg and Aage B. S{\o}rensen},
 journal = {Annual Review of Sociology},
 number = {},
 pages = {351--379},
 publisher = {Annual Reviews},
 title = {The Sociology of Labor Markets},
 volume = {5},
 year = {1979}
}

@article{grusky_sorensen_1998,
 author = {David B. Grusky and Jesper B. S{\o}rensen},
 journal = {American Journal of Sociology},
 number = {5},
 pages = {1187--1234},
 publisher = {The University of Chicago Press},
 title = {Can Class Analysis Be Salvaged?},
 volume = {103},
 year = {1998}
}

@article{weeden_grusky_2005,
  title={The case for a new class map},
  author={Weeden, Kim A and Grusky, David B},
  journal={American Journal of Sociology},
  volume={111},
  number={1},
  pages={141--212},
  year={2005},
  publisher={The University of Chicago Press}
}

@article{breen_1997,
  title={Risk, recommodification and stratification},
  author={Breen, Richard},
  journal={Sociology},
  volume={31},
  number={3},
  pages={473--489},
  year={1997},
  publisher={Cambridge University Press}
}

@Unpublished{oecd_epl_perm_data,
  author = {OECD},
  title  = {Strictness of employment protection legislation: regular employment},
  year   = {2013},
  note   = {OECD Employment and Labour Market Statistics (database).  \url{https://doi.org/https://doi.org/10.1787/data-00318-en}.}
}

@Unpublished{oecd_epl_temp_data,
  author = {OECD},
  title  = {Strictness of employment protection legislation: temporary employment},
  year   = {2013},
  note   = {OECD Employment and Labour Market Statistics (database).  \url{https://doi.org/https://doi.org/10.1787/data-00319-en}.}
}

@article{hagen_2002,
  title={Do temporary workers receive risk premiums? assessing the wage effects of fixed--term contracts in {W}est {G}ermany by a matching estimator compared with parametric approaches},
  author={Hagen, Tobias},
  journal={Labour},
  volume={16},
  number={4},
  pages={667--705},
  year={2002},
  publisher={Wiley Online Library}
}

@book{rodgers_rodgers_1989,
  title={Precarious jobs in labour market regulation: The growth of atypical employment in {W}estern {E}urope},
  author={Rodgers, Gerry and Rodgers, Janine},
  year={1989},
  publisher={International Labour Organisation}
}

@article{rodgers_1989,
  title={Precarious work in {W}estern {E}urope: The state of the debate},
  author={Rodgers, Gerry},
  journal={Precarious jobs in labour market regulation: The growth of atypical employment in Western Europe.},
  pages={1--17},
  chapter   = {1},
  year={1989},
  publisher={Institute for Labour Studies}
}

@book{sassen_2006,
  title={Cities in a world economy},
  author={Sassen, Saskia},
  year={2006},
  publisher={Sage Publications}
}

@Book{oecd_2006,
  title={Employment Outlook 2006 -- Boosting jobs and incomes},
  author={OECD},
  year={2006},
  publisher={{OECD} publishing, Paris}
}

@book{blossfeld_etal_2006,
  title={Globalization, uncertainty and youth in society: The losers in a globalizing world},
  author={Blossfeld, Hans-Peter and Klijzing, Erik and Mills, Melinda and Kurz, Karin},
  year={2006},
  publisher={Routledge}
}

@incollection{mayer_tuma_1990,
  title={Life course research and event history analysis: An overview},
  author={Mayer, Karl Ulrich and Tuma, Nancy Brandon},
  booktitle={Event history analysis in life course research.},
  editor={Mayer, Karl Ulrich and Tuma, Nancy Brandon},
  pages={3--20},
  year={1990},
  publisher={University of Wisconsin Press}
}

@article{de-vries_wolbers_2005,
  title={Non-standard employment relations and wages among school leavers in the Netherlands},
  author={De Vries, M Robert and Wolbers, Maarten HJ},
  journal={Work, employment and society},
  volume={19},
  number={3},
  pages={503--525},
  year={2005},
  publisher={Sage Publications Sage CA: Thousand Oaks, CA}
}

@article{steijn_etal_2006,
  title={Well begun, half done? Long-term effects of labour market entry in the Netherlands, 1950-2000},
  author={Steijn, Bram and Need, Ariana and Gesthuizen, Maurice},
  journal={Work, employment and society},
  volume={20},
  number={3},
  pages={453--472},
  year={2006},
  publisher={Sage Publications Sage CA: Thousand Oaks, CA}
}

@article{sandoval_etal_2009,
  title={The increasing risk of poverty across the American life course},
  author={Sandoval, Daniel A and Rank, Mark R and Hirschl, Thomas A},
  journal={Demography},
  volume={46},
  number={4},
  pages={717--737},
  year={2009},
  publisher={Springer}
}

@article{burgoon_dekker_2010,
  title={Flexible employment, economic insecurity and social policy preferences in {E}urope},
  author={Burgoon, Brian and Dekker, Fabian},
  journal={Journal of European Social Policy},
  volume={20},
  number={2},
  pages={126--141},
  year={2010},
  publisher={SAGE Publications Sage UK: London, England}
}

@article{dustmann_etal_2014,
  title={From sick man of {E}urope to economic superstar: Germany's resurgent economy},
  author={Dustmann, Christian and Fitzenberger, Bernd and Sch{\"o}nberg, Uta and Spitz-Oener, Alexandra},
  journal={Journal of Economic Perspectives},
  volume={28},
  number={1},
  pages={167--88},
  year={2014}
}

@techreport{giersch_1985,
  title={Eurosclerosis},
  author={Giersch, Herbert},
  year={1985},
  institution={Kieler Diskussionsbeitr{\"a}ge 112}
}


@unpublished{piasna_2017,
  title={`Bad jobs' recovery? {E}uropean Job Quality Index 2005-2015},
  author={Piasna, Agnieszka},
  year={2017},
  note={Working Paper 2017.06.  European Trade Union Institute.}
}

@unpublished{ep_2010,
  title={{The Lisbon Strategy 2000 -- 2010.  An analysis and evaluation of the methods used and results achieved}},
  author={{European Parliament}},
  year={2010},
  note={European Parliament's Committee on Employment and Social Affairs.  IP/A/EMPL/ST/2008-07}
}

@article{kalleberg_2001,
  title={Organizing flexibility: {T}he flexible firm in a new century},
  author={Kalleberg, Arne L},
  journal={British journal of industrial relations},
  volume={39},
  number={4},
  pages={479--504},
  year={2001},
  publisher={Wiley Online Library}
}  

@book{piore_sabel_1986,
  title={The second industrial divide: possibilities for prosperity},
  author={Piore, Michael J and Sabel, Charles F},
  year={1986},
  publisher={Basic books}
}

@article{cappelli_neumark_2001,
  title={Do “high-performance” work practices improve establishment-level outcomes?},
  author={Cappelli, Peter and Neumark, David},
  journal={Ilr Review},
  volume={54},
  number={4},
  pages={737--775},
  year={2001},
  publisher={SAGE Publications Sage CA: Los Angeles, CA}
}

@article{katz_etal_1983,
  title={Industrial relations performance, economic performance, and QWL programs: An interplant analysis},
  author={Katz, Harry C and Kochan, Thomas A and Gobeille, Kenneth R},
  journal={ILR Review},
  volume={37},
  number={1},
  pages={3--17},
  year={1983},
  publisher={SAGE Publications Sage CA: Los Angeles, CA}
}

@article{katz_etal_1985,
  title={Assessing the effects of industrial relations systems and efforts to improve the quality of working life on organizational effectiveness},
  author={Katz, Harry C and Kochan, Thomas A and Weber, Mark R},
  journal={Academy of Management Journal},
  volume={28},
  number={3},
  pages={509--526},
  year={1985},
  publisher={Academy of Management Briarcliff Manor, NY 10510}
}

@incollection{blank_freeman_1994,
  title={Evaluating the connection between social protection and economic flexibility},
  author={Blank, Rebecca M and Freeman, Richard B},
  booktitle={Social protection versus economic flexibility: {I}s there a trade-off?},
  editor={Blank, Rebecca M.},
  pages={21--42},
  year={1994},
  publisher={University of Chicago Press}
}

@article{hogberg_etal_2019,
  title={Transitions from temporary employment to permanent employment among young adults: The role of labour law and education systems},
  author={H{\"o}gberg, Bj{\"o}rn and Strandh, Mattias and Baranowska-Rataj, Anna},
  journal={Journal of Sociology},
  volume={55},
  number={4},
  pages={689--707},
  year={2019},
  publisher={Sage Publications Sage UK: London, England}
}

@book{schmid_gazier_2002,
  title={The dynamics of full employment: Social integration through transitional labour markets},
  author={Schmid, G\_nther and Gazier, Bernard},
  year={2002},
  publisher={Edward Elgar Publishing}
}

@article{howell_kalleberg_2019,
  title={Declining job quality in the United States: Explanations and evidence},
  author={Howell, David R and Kalleberg, Arne L},
  journal={RSF: The Russell Sage Foundation Journal of the Social Sciences},
  volume={5},
  number={4},
  pages={1--53},
  year={2019},
  publisher={Russell Sage Foundation}
}

@article{maurin_postel-vinay_2005,
  title={The European job security gap},
  author={Maurin, Eric and Postel-Vinay, Fabien},
  journal={Work and Occupations},
  volume={32},
  number={2},
  pages={229--252},
  year={2005},
  publisher={Sage Publications Sage CA: Thousand Oaks, CA}
}

@book{muffels_2014,
  title={Flexibility and employment security in Europe},
  author={Muffels, Ruud JA},
  year={2014},
  publisher={Edward Elgar Publishing}
}

@article{gottschalk_moffitt_2009,
  title={The rising instability of US earnings},
  author={Gottschalk, Peter and Moffitt, Robert},
  journal={Journal of Economic Perspectives},
  volume={23},
  number={4},
  pages={3--24},
  year={2009}
}

@article{latner_2019,
  title={Economic insecurity and the distribution of income volatility in the United States},
  author={Latner, Jonathan P},
  journal={Social science research},
  volume={77},
  pages={193--213},
  year={2019},
  publisher={Elsevier}
}

@incollection{korpi_2006,
  title={The power resources model},
  author={Korpi, Walter},
  booktitle={The welfare state reader},
  editor={Pierson, Christopher and Castles, Francis G},
  pages={76--87},
  year={2006},
  publisher={Polity}
}

@book{oconnor_olsen_1998,
  title={Power Resources Theory and the Welfare State: A Critical Approach},
  author={O'Connor, Julia S and Olsen, Gregg},
  publisher={Univ of Toronto Press},
  year={1998}
}

@article{korpi_1974,
  title={Conflict, power and relative deprivation},
  author={Korpi, Walter},
  journal={American Political Science Review},
  volume={68},
  number={4},
  pages={1569--1578},
  year={1974},
  publisher={Cambridge University Press}
}

@book{brynjolfsson_mcafee_2011,
  title={Race against the machine: {H}ow the digital revolution is accelerating innovation, driving productivity, and irreversibly transforming employment and the economy},
  author={Brynjolfsson, Erik and McAfee, Andrew},
  year={2011},
  publisher={‎Digital Frontier Press}
}


@article{pavlopoulos_vermunt_2015,
  title={Measuring temporary employment. {D}o survey or register data tell the truth?},
  author={Pavlopoulos, Dimitris and Vermunt, Jeroen K},
  journal={Survey Methodology},
  volume={41},
  number={1},
  pages={197--214},
  year={2015},
  publisher={Statistics Canada}
}

@article{mood_2010,
  title={Logistic regression: Why we cannot do what we think we can do, and what we can do about it},
  author={Mood, Carina},
  journal={European sociological review},
  volume={26},
  number={1},
  pages={67--82},
  year={2010},
  publisher={Oxford University Press}
}

@article{bane_ellwood_1986,
  title={SLIPPING INTO AND OUT OF POVERTY: THE DYNAMICS OF SPELLS.},
  author={Bane, Mary Jo and Ellwood, David T},
  journal={Journal of Human Resources},
  volume={21},
  number={1},
  year={1986}
}

@article{gebel_2009,
  title={Fixed-term contracts at labour market entry in West Germany: Implications for job search and first job quality},
  author={Gebel, Michael},
  journal={European Sociological Review},
  volume={25},
  number={6},
  pages={661--675},
  year={2009},
  publisher={Oxford University Press}
}

@incollection{domencich_mcfadden_1975,
  title={Statistical estimation of choice probability functions},
  author={Domencich, Tom and McFadden, Daniel},
  booktitle={Urban travel demand: {A} behavioral analysis.},
  pages={101--125},
  publisher={North-Holland Publishing Co.},
  chapter={5},
  year={1975}
}

@incollection{mcfadden_1979,
  booktitle={Behavioural travel modelling.},
  author={McFadden, Daniel},
  chapter={15},
  title={Quantitative Methods for Analyzing Travel Behaviour on Individuals: {S}ome Recent Developments},
  editor={Hensher, David A and Stopher, Peter R},
  year={1979},
  publisher={Taylor \& Francis}
}


@article{chung_mau_2014,
  title={Introduction to Special Issue: {S}ubjective Insecurity and the Role of Institutions},
  author={Chung, Heejung and Mau, Steffen},
  journal={Journal of European Social Policy},
  volume={24},
  number={4},
  pages={303--318},
  year={2014},
  publisher={Sage Journals}
}